%YAML 1.1
%TAG !u! tag:unity3d.com,2011:
--- !u!1 &8643943116703323609
GameObject:
  m_ObjectHideFlags: 0
  m_CorrespondingSourceObject: {fileID: 0}
  m_PrefabInstance: {fileID: 0}
  m_PrefabAsset: {fileID: 0}
  serializedVersion: 6
  m_Component:
  - component: {fileID: 8643943116703323610}
  - component: {fileID: 8643943116703323611}
  m_Layer: 0
  m_Name: FlowerPoint
  m_TagString: Untagged
  m_Icon: {fileID: 0}
  m_NavMeshLayer: 0
  m_StaticEditorFlags: 0
  m_IsActive: 1
--- !u!4 &8643943116703323610
Transform:
  m_ObjectHideFlags: 0
  m_CorrespondingSourceObject: {fileID: 0}
  m_PrefabInstance: {fileID: 0}
  m_PrefabAsset: {fileID: 0}
  m_GameObject: {fileID: 8643943116703323609}
  m_LocalRotation: {x: 0, y: 0, z: 0, w: 1}
  m_LocalPosition: {x: 0.016, y: 1.006, z: -0.062}
  m_LocalScale: {x: 1, y: 1, z: 1}
  m_ConstrainProportionsScale: 0
  m_Children: []
  m_Father: {fileID: 8643943116970560766}
  m_RootOrder: 4
  m_LocalEulerAnglesHint: {x: 0, y: 0, z: 0}
--- !u!114 &8643943116703323611
MonoBehaviour:
  m_ObjectHideFlags: 0
  m_CorrespondingSourceObject: {fileID: 0}
  m_PrefabInstance: {fileID: 0}
  m_PrefabAsset: {fileID: 0}
  m_GameObject: {fileID: 8643943116703323609}
  m_Enabled: 1
  m_EditorHideFlags: 0
  m_Script: {fileID: 11500000, guid: 80df3856ba408c944a3cf528cf7bad83, type: 3}
  m_Name: 
  m_EditorClassIdentifier: 
  hoverButton: {fileID: 8529947570566781558}
  prefab: {fileID: 1000011210241306, guid: 8a2487c189a464148aadc3af2effa7c8, type: 3}
--- !u!1 &8643943116929493712
GameObject:
  m_ObjectHideFlags: 0
  m_CorrespondingSourceObject: {fileID: 0}
  m_PrefabInstance: {fileID: 0}
  m_PrefabAsset: {fileID: 0}
  serializedVersion: 6
  m_Component:
  - component: {fileID: 8643943116929493713}
  - component: {fileID: 8643943116929493708}
  - component: {fileID: 8643943116929493715}
  - component: {fileID: 8643943116929493714}
  m_Layer: 0
  m_Name: Pedestal
  m_TagString: Untagged
  m_Icon: {fileID: 0}
  m_NavMeshLayer: 0
  m_StaticEditorFlags: 0
  m_IsActive: 0
--- !u!4 &8643943116929493713
Transform:
  m_ObjectHideFlags: 0
  m_CorrespondingSourceObject: {fileID: 0}
  m_PrefabInstance: {fileID: 0}
  m_PrefabAsset: {fileID: 0}
  m_GameObject: {fileID: 8643943116929493712}
  m_LocalRotation: {x: 0, y: 0, z: 0, w: 1}
  m_LocalPosition: {x: 0, y: 0.5, z: 0}
  m_LocalScale: {x: 1, y: 1, z: 1}
  m_ConstrainProportionsScale: 0
  m_Children: []
  m_Father: {fileID: 8643943116970560766}
  m_RootOrder: 0
  m_LocalEulerAnglesHint: {x: 0, y: 0, z: 0}
--- !u!33 &8643943116929493708
MeshFilter:
  m_ObjectHideFlags: 0
  m_CorrespondingSourceObject: {fileID: 0}
  m_PrefabInstance: {fileID: 0}
  m_PrefabAsset: {fileID: 0}
  m_GameObject: {fileID: 8643943116929493712}
  m_Mesh: {fileID: 10202, guid: 0000000000000000e000000000000000, type: 0}
--- !u!65 &8643943116929493715
BoxCollider:
  m_ObjectHideFlags: 0
  m_CorrespondingSourceObject: {fileID: 0}
  m_PrefabInstance: {fileID: 0}
  m_PrefabAsset: {fileID: 0}
  m_GameObject: {fileID: 8643943116929493712}
  m_Material: {fileID: 0}
  m_IsTrigger: 0
  m_Enabled: 1
  serializedVersion: 2
  m_Size: {x: 1, y: 1, z: 1}
  m_Center: {x: 0, y: 0, z: 0}
--- !u!23 &8643943116929493714
MeshRenderer:
  m_ObjectHideFlags: 0
  m_CorrespondingSourceObject: {fileID: 0}
  m_PrefabInstance: {fileID: 0}
  m_PrefabAsset: {fileID: 0}
  m_GameObject: {fileID: 8643943116929493712}
  m_Enabled: 1
  m_CastShadows: 1
  m_ReceiveShadows: 1
  m_DynamicOccludee: 1
  m_StaticShadowCaster: 0
  m_MotionVectors: 1
  m_LightProbeUsage: 1
  m_ReflectionProbeUsage: 1
  m_RayTracingMode: 2
  m_RayTraceProcedural: 0
  m_RenderingLayerMask: 1
  m_RendererPriority: 0
  m_Materials:
  - {fileID: 2100000, guid: 80a6bae7122d17d4c9243b982a652788, type: 2}
  m_StaticBatchInfo:
    firstSubMesh: 0
    subMeshCount: 0
  m_StaticBatchRoot: {fileID: 0}
  m_ProbeAnchor: {fileID: 0}
  m_LightProbeVolumeOverride: {fileID: 0}
  m_ScaleInLightmap: 1
  m_ReceiveGI: 1
  m_PreserveUVs: 1
  m_IgnoreNormalsForChartDetection: 0
  m_ImportantGI: 0
  m_StitchLightmapSeams: 1
  m_SelectedEditorRenderState: 3
  m_MinimumChartSize: 4
  m_AutoUVMaxDistance: 0.5
  m_AutoUVMaxAngle: 89
  m_LightmapParameters: {fileID: 0}
  m_SortingLayerID: 0
  m_SortingLayer: 0
  m_SortingOrder: 0
  m_AdditionalVertexStreams: {fileID: 0}
--- !u!1 &8643943116970560765
GameObject:
  m_ObjectHideFlags: 0
  m_CorrespondingSourceObject: {fileID: 0}
  m_PrefabInstance: {fileID: 0}
  m_PrefabAsset: {fileID: 0}
  serializedVersion: 6
  m_Component:
  - component: {fileID: 8643943116970560766}
  m_Layer: 0
  m_Name: Hover Button
  m_TagString: Untagged
  m_Icon: {fileID: 0}
  m_NavMeshLayer: 0
  m_StaticEditorFlags: 0
  m_IsActive: 1
--- !u!4 &8643943116970560766
Transform:
  m_ObjectHideFlags: 0
  m_CorrespondingSourceObject: {fileID: 0}
  m_PrefabInstance: {fileID: 0}
  m_PrefabAsset: {fileID: 0}
  m_GameObject: {fileID: 8643943116970560765}
  m_LocalRotation: {x: -0, y: 0.7071068, z: -0, w: 0.7071068}
  m_LocalPosition: {x: 4.47, y: 0, z: -2.34}
  m_LocalScale: {x: 1, y: 1, z: 1}
  m_ConstrainProportionsScale: 0
  m_Children:
  - {fileID: 8643943116929493713}
  - {fileID: 8645575972562737560}
  - {fileID: 8643943118486251888}
  - {fileID: 8645575970664043098}
  - {fileID: 8643943116703323610}
  m_Father: {fileID: 0}
  m_RootOrder: 0
  m_LocalEulerAnglesHint: {x: 0, y: 90, z: 0}
--- !u!1 &8643943118486251895
GameObject:
  m_ObjectHideFlags: 0
  m_CorrespondingSourceObject: {fileID: 0}
  m_PrefabInstance: {fileID: 0}
  m_PrefabAsset: {fileID: 0}
  serializedVersion: 6
  m_Component:
  - component: {fileID: 8643943118486251888}
  - component: {fileID: 8643943118486251891}
  - component: {fileID: 8643943118486251890}
  - component: {fileID: 8643943118486251889}
  m_Layer: 0
  m_Name: Base
  m_TagString: Untagged
  m_Icon: {fileID: 0}
  m_NavMeshLayer: 0
  m_StaticEditorFlags: 0
  m_IsActive: 1
--- !u!4 &8643943118486251888
Transform:
  m_ObjectHideFlags: 0
  m_CorrespondingSourceObject: {fileID: 0}
  m_PrefabInstance: {fileID: 0}
  m_PrefabAsset: {fileID: 0}
  m_GameObject: {fileID: 8643943118486251895}
  m_LocalRotation: {x: 0, y: 0, z: 0, w: 1}
  m_LocalPosition: {x: 0, y: 1.0087, z: -0.471}
  m_LocalScale: {x: 0.2, y: 0.03184862, z: 0.2}
  m_ConstrainProportionsScale: 0
  m_Children: []
  m_Father: {fileID: 8643943116970560766}
  m_RootOrder: 2
  m_LocalEulerAnglesHint: {x: 0, y: 0, z: 0}
--- !u!33 &8643943118486251891
MeshFilter:
  m_ObjectHideFlags: 0
  m_CorrespondingSourceObject: {fileID: 0}
  m_PrefabInstance: {fileID: 0}
  m_PrefabAsset: {fileID: 0}
  m_GameObject: {fileID: 8643943118486251895}
  m_Mesh: {fileID: 10202, guid: 0000000000000000e000000000000000, type: 0}
--- !u!65 &8643943118486251890
BoxCollider:
  m_ObjectHideFlags: 0
  m_CorrespondingSourceObject: {fileID: 0}
  m_PrefabInstance: {fileID: 0}
  m_PrefabAsset: {fileID: 0}
  m_GameObject: {fileID: 8643943118486251895}
  m_Material: {fileID: 0}
  m_IsTrigger: 0
  m_Enabled: 1
  serializedVersion: 2
  m_Size: {x: 1, y: 1, z: 1}
  m_Center: {x: 0, y: 0, z: 0}
--- !u!23 &8643943118486251889
MeshRenderer:
  m_ObjectHideFlags: 0
  m_CorrespondingSourceObject: {fileID: 0}
  m_PrefabInstance: {fileID: 0}
  m_PrefabAsset: {fileID: 0}
  m_GameObject: {fileID: 8643943118486251895}
  m_Enabled: 1
  m_CastShadows: 1
  m_ReceiveShadows: 1
  m_DynamicOccludee: 1
  m_StaticShadowCaster: 0
  m_MotionVectors: 1
  m_LightProbeUsage: 1
  m_ReflectionProbeUsage: 1
  m_RayTracingMode: 2
  m_RayTraceProcedural: 0
  m_RenderingLayerMask: 1
  m_RendererPriority: 0
  m_Materials:
  - {fileID: 2100000, guid: 7e90f10e44a186a49a00679d068515ed, type: 2}
  m_StaticBatchInfo:
    firstSubMesh: 0
    subMeshCount: 0
  m_StaticBatchRoot: {fileID: 0}
  m_ProbeAnchor: {fileID: 0}
  m_LightProbeVolumeOverride: {fileID: 0}
  m_ScaleInLightmap: 1
  m_ReceiveGI: 1
  m_PreserveUVs: 1
  m_IgnoreNormalsForChartDetection: 0
  m_ImportantGI: 0
  m_StitchLightmapSeams: 1
  m_SelectedEditorRenderState: 3
  m_MinimumChartSize: 4
  m_AutoUVMaxDistance: 0.5
  m_AutoUVMaxAngle: 89
  m_LightmapParameters: {fileID: 0}
  m_SortingLayerID: 0
  m_SortingLayer: 0
  m_SortingOrder: 0
  m_AdditionalVertexStreams: {fileID: 0}
--- !u!1001 &8643943116714311536
PrefabInstance:
  m_ObjectHideFlags: 0
  serializedVersion: 2
  m_Modification:
    m_TransformParent: {fileID: 8643943116970560766}
    m_Modifications:
    - target: {fileID: 4000014195058408, guid: 88075a54c7fb1484ba25db394b612917, type: 3}
      propertyPath: m_RootOrder
      value: 1
      objectReference: {fileID: 0}
    - target: {fileID: 4000014195058408, guid: 88075a54c7fb1484ba25db394b612917, type: 3}
      propertyPath: m_LocalPosition.x
      value: 0
      objectReference: {fileID: 0}
    - target: {fileID: 4000014195058408, guid: 88075a54c7fb1484ba25db394b612917, type: 3}
      propertyPath: m_LocalPosition.y
      value: 1.1216
      objectReference: {fileID: 0}
    - target: {fileID: 4000014195058408, guid: 88075a54c7fb1484ba25db394b612917, type: 3}
      propertyPath: m_LocalPosition.z
      value: -0.471
      objectReference: {fileID: 0}
    - target: {fileID: 4000014195058408, guid: 88075a54c7fb1484ba25db394b612917, type: 3}
      propertyPath: m_LocalRotation.w
      value: 1
      objectReference: {fileID: 0}
    - target: {fileID: 4000014195058408, guid: 88075a54c7fb1484ba25db394b612917, type: 3}
      propertyPath: m_LocalRotation.x
      value: 0
      objectReference: {fileID: 0}
    - target: {fileID: 4000014195058408, guid: 88075a54c7fb1484ba25db394b612917, type: 3}
      propertyPath: m_LocalRotation.y
      value: 0
      objectReference: {fileID: 0}
    - target: {fileID: 4000014195058408, guid: 88075a54c7fb1484ba25db394b612917, type: 3}
      propertyPath: m_LocalRotation.z
      value: 0
      objectReference: {fileID: 0}
    - target: {fileID: 23000010054905394, guid: 88075a54c7fb1484ba25db394b612917, type: 3}
      propertyPath: m_Materials.Array.data[0]
      value: 
      objectReference: {fileID: 2100000, guid: 7e90f10e44a186a49a00679d068515ed, type: 2}
    m_RemovedComponents: []
  m_SourcePrefab: {fileID: 100100000, guid: 88075a54c7fb1484ba25db394b612917, type: 3}
--- !u!114 &8529947570566781558 stripped
MonoBehaviour:
  m_CorrespondingSourceObject: {fileID: 114000013988111622, guid: 88075a54c7fb1484ba25db394b612917, type: 3}
  m_PrefabInstance: {fileID: 8643943116714311536}
  m_PrefabAsset: {fileID: 0}
  m_GameObject: {fileID: 0}
  m_Enabled: 1
  m_EditorHideFlags: 0
  m_Script: {fileID: 11500000, guid: 2c0e35ef0cc211b408d2d7e7eb0f850d, type: 3}
  m_Name: 
  m_EditorClassIdentifier: 
--- !u!4 &8645575972562737560 stripped
Transform:
  m_CorrespondingSourceObject: {fileID: 4000014195058408, guid: 88075a54c7fb1484ba25db394b612917, type: 3}
  m_PrefabInstance: {fileID: 8643943116714311536}
  m_PrefabAsset: {fileID: 0}
--- !u!1001 &8643943117787986278
PrefabInstance:
  m_ObjectHideFlags: 0
  serializedVersion: 2
  m_Modification:
    m_TransformParent: {fileID: 8643943116970560766}
    m_Modifications:
    - target: {fileID: 1000013190536940, guid: e7af05fa230061c4da07e8ceda602506, type: 3}
      propertyPath: m_Name
      value: Table_Round (1)
      objectReference: {fileID: 0}
    - target: {fileID: 4000013914614588, guid: e7af05fa230061c4da07e8ceda602506, type: 3}
      propertyPath: m_RootOrder
      value: 3
      objectReference: {fileID: 0}
    - target: {fileID: 4000013914614588, guid: e7af05fa230061c4da07e8ceda602506, type: 3}
      propertyPath: m_LocalScale.x
      value: 100.00003
      objectReference: {fileID: 0}
    - target: {fileID: 4000013914614588, guid: e7af05fa230061c4da07e8ceda602506, type: 3}
      propertyPath: m_LocalScale.y
      value: 99.99996
      objectReference: {fileID: 0}
    - target: {fileID: 4000013914614588, guid: e7af05fa230061c4da07e8ceda602506, type: 3}
      propertyPath: m_LocalScale.z
      value: 91.21541
      objectReference: {fileID: 0}
    - target: {fileID: 4000013914614588, guid: e7af05fa230061c4da07e8ceda602506, type: 3}
      propertyPath: m_LocalPosition.x
      value: 0
      objectReference: {fileID: 0}
    - target: {fileID: 4000013914614588, guid: e7af05fa230061c4da07e8ceda602506, type: 3}
      propertyPath: m_LocalPosition.y
      value: -0.004
      objectReference: {fileID: 0}
    - target: {fileID: 4000013914614588, guid: e7af05fa230061c4da07e8ceda602506, type: 3}
      propertyPath: m_LocalPosition.z
      value: -0.32
      objectReference: {fileID: 0}
    - target: {fileID: 4000013914614588, guid: e7af05fa230061c4da07e8ceda602506, type: 3}
      propertyPath: m_LocalRotation.w
      value: 0.7071068
      objectReference: {fileID: 0}
    - target: {fileID: 4000013914614588, guid: e7af05fa230061c4da07e8ceda602506, type: 3}
      propertyPath: m_LocalRotation.x
      value: -0.7071068
      objectReference: {fileID: 0}
    - target: {fileID: 4000013914614588, guid: e7af05fa230061c4da07e8ceda602506, type: 3}
      propertyPath: m_LocalRotation.y
      value: 0
      objectReference: {fileID: 0}
    - target: {fileID: 4000013914614588, guid: e7af05fa230061c4da07e8ceda602506, type: 3}
      propertyPath: m_LocalRotation.z
      value: 0
      objectReference: {fileID: 0}
    - target: {fileID: 4000013914614588, guid: e7af05fa230061c4da07e8ceda602506, type: 3}
      propertyPath: m_LocalEulerAnglesHint.x
      value: -90
      objectReference: {fileID: 0}
    - target: {fileID: 4000013914614588, guid: e7af05fa230061c4da07e8ceda602506, type: 3}
      propertyPath: m_LocalEulerAnglesHint.z
      value: 0
      objectReference: {fileID: 0}
    m_RemovedComponents: []
  m_SourcePrefab: {fileID: 100100000, guid: e7af05fa230061c4da07e8ceda602506, type: 3}
--- !u!4 &8645575970664043098 stripped
Transform:
  m_CorrespondingSourceObject: {fileID: 4000013914614588, guid: e7af05fa230061c4da07e8ceda602506, type: 3}
  m_PrefabInstance: {fileID: 8643943117787986278}
  m_PrefabAsset: {fileID: 0}
